
@article{Turner2021,
	title = {Comparison of six statistical methods for interrupted time series studies: empirical evaluation of 190 published series},
	author = {Turner, Simon L. and Karahalios, Amalia and Forbes, Andrew B. and Taljaard, Monica and Grimshaw, Jeremy M. and McKenzie, Joanne E.},
	year = {2021},
	month = {06},
	date = {2021-06-26},
	journal = {BMC Medical Research Methodology},
	volume = {21},
	number = {1},
	doi = {10.1186/s12874-021-01306-w},
	url = {http://dx.doi.org/10.1186/s12874-021-01306-w},
	langid = {en}
}

@article{anderson-cook2005,
	title = {Experimental and Quasi-Experimental Designs for Generalized Causal Inference},
	author = {Anderson-Cook, Christine M},
	year = {2005},
	month = {06},
	date = {2005-06},
	journal = {Journal of the American Statistical Association},
	pages = {708--708},
	volume = {100},
	number = {470},
	doi = {10.1198/jasa.2005.s22},
	url = {http://dx.doi.org/10.1198/jasa.2005.s22},
	langid = {en}
}

@article{wang2005,
	title = {Effects of Variance{-}Function Misspecification in Analysis of Longitudinal Data},
	author = {Wang, {You{-}Gan} and Lin, Xu},
	year = {2005},
	month = {06},
	date = {2005-06},
	journal = {Biometrics},
	pages = {413--421},
	volume = {61},
	number = {2},
	doi = {10.1111/j.1541-0420.2005.00321.x},
	url = {http://dx.doi.org/10.1111/j.1541-0420.2005.00321.x},
	langid = {en}
}
